
@misc{schubert1989,
    author    = "Claus Schubert",
    title     = "Feldbahnen in Süddeutschland",
    year      = "1989",
    publisher = "Verlag Klaus Rabe",
    address   = "Nürnberg"
}
